%YAML 1.1
%TAG !u! tag:unity3d.com,2011:
--- !u!1 &673464275926637787
GameObject:
  m_ObjectHideFlags: 0
  m_CorrespondingSourceObject: {fileID: 0}
  m_PrefabInstance: {fileID: 0}
  m_PrefabAsset: {fileID: 0}
  serializedVersion: 6
  m_Component:
  - component: {fileID: 1557357594209624040}
  - component: {fileID: 5729230064825402711}
  - component: {fileID: 1666094872391954914}
  - component: {fileID: 5254812006213618857}
  - component: {fileID: 6121092692343963532}
  - component: {fileID: 3968884533170753828}
  m_Layer: 0
  m_Name: HeavyEnemy
  m_TagString: Enemy
  m_Icon: {fileID: 0}
  m_NavMeshLayer: 0
  m_StaticEditorFlags: 0
  m_IsActive: 1
--- !u!4 &1557357594209624040
Transform:
  m_ObjectHideFlags: 0
  m_CorrespondingSourceObject: {fileID: 0}
  m_PrefabInstance: {fileID: 0}
  m_PrefabAsset: {fileID: 0}
  m_GameObject: {fileID: 673464275926637787}
  m_LocalRotation: {x: 0, y: 0, z: 0, w: 1}
  m_LocalPosition: {x: -2.5744956, y: 3.128497, z: 0}
  m_LocalScale: {x: 1, y: 1, z: 1}
  m_Children:
  - {fileID: 1479594848412636679}
  m_Father: {fileID: 0}
  m_RootOrder: 0
  m_LocalEulerAnglesHint: {x: 0, y: 0, z: 0}
--- !u!212 &5729230064825402711
SpriteRenderer:
  m_ObjectHideFlags: 0
  m_CorrespondingSourceObject: {fileID: 0}
  m_PrefabInstance: {fileID: 0}
  m_PrefabAsset: {fileID: 0}
  m_GameObject: {fileID: 673464275926637787}
  m_Enabled: 1
  m_CastShadows: 0
  m_ReceiveShadows: 0
  m_DynamicOccludee: 1
  m_MotionVectors: 1
  m_LightProbeUsage: 1
  m_ReflectionProbeUsage: 1
  m_RayTracingMode: 0
  m_RayTraceProcedural: 0
  m_RenderingLayerMask: 1
  m_RendererPriority: 0
  m_Materials:
  - {fileID: 10754, guid: 0000000000000000f000000000000000, type: 0}
  m_StaticBatchInfo:
    firstSubMesh: 0
    subMeshCount: 0
  m_StaticBatchRoot: {fileID: 0}
  m_ProbeAnchor: {fileID: 0}
  m_LightProbeVolumeOverride: {fileID: 0}
  m_ScaleInLightmap: 1
  m_ReceiveGI: 1
  m_PreserveUVs: 0
  m_IgnoreNormalsForChartDetection: 0
  m_ImportantGI: 0
  m_StitchLightmapSeams: 1
  m_SelectedEditorRenderState: 0
  m_MinimumChartSize: 4
  m_AutoUVMaxDistance: 0.5
  m_AutoUVMaxAngle: 89
  m_LightmapParameters: {fileID: 0}
  m_SortingLayerID: 0
  m_SortingLayer: 0
  m_SortingOrder: 1
  m_Sprite: {fileID: 21300000, guid: 3d0f76c3d2ce9f347b2a52fc8ddcb1c1, type: 3}
  m_Color: {r: 1, g: 1, b: 1, a: 1}
  m_FlipX: 0
  m_FlipY: 0
  m_DrawMode: 0
  m_Size: {x: 0.93, y: 0.84}
  m_AdaptiveModeThreshold: 0.5
  m_SpriteTileMode: 0
  m_WasSpriteAssigned: 1
  m_MaskInteraction: 0
  m_SpriteSortPoint: 0
--- !u!114 &1666094872391954914
MonoBehaviour:
  m_ObjectHideFlags: 0
  m_CorrespondingSourceObject: {fileID: 0}
  m_PrefabInstance: {fileID: 0}
  m_PrefabAsset: {fileID: 0}
  m_GameObject: {fileID: 673464275926637787}
  m_Enabled: 1
  m_EditorHideFlags: 0
  m_Script: {fileID: 11500000, guid: f2474b70f5e897f4e8eaddea1120b636, type: 3}
  m_Name: 
  m_EditorClassIdentifier: 
  hp: 2
  positionX: 0
  positionY: 0
  laserSpawn: {fileID: 1479594848412636679}
  laserPrefab: {fileID: 6679431902121243151, guid: ade3e60c094da574cbf1f39782c39c59, type: 3}
  firePrefab: {fileID: 2282138545483178204, guid: def9b040e864b694f805235222b5d674, type: 3}
  timer: 0
  cooldownTime: 0
--- !u!114 &5254812006213618857
MonoBehaviour:
  m_ObjectHideFlags: 0
  m_CorrespondingSourceObject: {fileID: 0}
  m_PrefabInstance: {fileID: 0}
  m_PrefabAsset: {fileID: 0}
  m_GameObject: {fileID: 673464275926637787}
  m_Enabled: 1
  m_EditorHideFlags: 0
  m_Script: {fileID: 11500000, guid: 157fa67d2bdf6604ba7af539a5be1be9, type: 3}
  m_Name: 
  m_EditorClassIdentifier: 
  hasDrop: 0
  bonusPrefabsTab:
  - {fileID: 8039424954406794466, guid: 878cd921c93b5164c90d11da45f43151, type: 3}
  - {fileID: 679377316803530517, guid: 16a3acf88add4e141861f0d2d512f2b6, type: 3}
  - {fileID: 5484966341402722813, guid: fa99d9128a262e04c86e5d910aba20a6, type: 3}
--- !u!50 &6121092692343963532
Rigidbody2D:
  serializedVersion: 4
  m_ObjectHideFlags: 0
  m_CorrespondingSourceObject: {fileID: 0}
  m_PrefabInstance: {fileID: 0}
  m_PrefabAsset: {fileID: 0}
  m_GameObject: {fileID: 673464275926637787}
  m_BodyType: 0
  m_Simulated: 1
  m_UseFullKinematicContacts: 0
  m_UseAutoMass: 0
  m_Mass: 1
  m_LinearDrag: 0
  m_AngularDrag: 0.05
  m_GravityScale: 0
  m_Material: {fileID: 0}
  m_Interpolate: 0
  m_SleepingMode: 1
  m_CollisionDetection: 0
  m_Constraints: 7
--- !u!60 &3968884533170753828
PolygonCollider2D:
  m_ObjectHideFlags: 0
  m_CorrespondingSourceObject: {fileID: 0}
  m_PrefabInstance: {fileID: 0}
  m_PrefabAsset: {fileID: 0}
  m_GameObject: {fileID: 673464275926637787}
  m_Enabled: 1
  m_Density: 1
  m_Material: {fileID: 0}
  m_IsTrigger: 1
  m_UsedByEffector: 0
  m_UsedByComposite: 0
  m_Offset: {x: 0, y: 0}
  m_SpriteTilingProperty:
    border: {x: 0, y: 0, z: 0, w: 0}
    pivot: {x: 0.5, y: 0.5}
    oldSize: {x: 0.82, y: 0.84}
    newSize: {x: 0.93, y: 0.84}
    adaptiveTilingThreshold: 0.5
    drawMode: 0
    adaptiveTiling: 0
  m_AutoTiling: 0
  m_Points:
    m_Paths:
    - - {x: 0.155, y: -0.12}
      - {x: 0.17235991, y: -0.1112894}
      - {x: 0.15768608, y: -0.16135086}
      - {x: 0.14517105, y: -0.21381421}
      - {x: 0.13152575, y: -0.24442099}
      - {x: -0.10821391, y: -0.41507208}
      - {x: 0.10953379, y: -0.41908765}
      - {x: 0.13855155, y: -0.36163655}
      - {x: 0.20145538, y: -0.32545558}
      - {x: 0.25725976, y: -0.2925941}
      - {x: 0.40070945, y: -0.20642355}
      - {x: 0.45394757, y: 0.10768374}
      - {x: 0.45394757, y: 0.18568464}
      - {x: 0.31289518, y: 0.38673723}
      - {x: 0.3006847, y: 0.41336837}
      - {x: 0.225, y: 0.42}
      - {x: 0.095, y: 0.38}
      - {x: 0.074999996, y: 0.34}
      - {x: -0.21499999, y: 0.42}
      - {x: -0.33499998, y: 0.42}
      - {x: -0.4035004, y: 0.24196407}
      - {x: -0.42521134, y: 0.03221038}
      - {x: -0.4034231, y: -0.20913044}
      - {x: -0.22879437, y: -0.31230536}
      - {x: -0.15923098, y: -0.3395883}
      - {x: -0.10611065, y: -0.40313053}
      - {x: -0.11613239, y: -0.33304882}
      - {x: -0.16530335, y: -0.15547776}
      - {x: -0.16834706, y: -0.11616373}
      - {x: -0.15817197, y: -0.108089685}
      - {x: -0.094762675, y: -0.1652937}
      - {x: 0.008998215, y: -0.16558349}
      - {x: 0.109526634, y: -0.16289777}
      - {x: 0.14900613, y: -0.10257879}
--- !u!1 &1157707254409986709
GameObject:
  m_ObjectHideFlags: 0
  m_CorrespondingSourceObject: {fileID: 0}
  m_PrefabInstance: {fileID: 0}
  m_PrefabAsset: {fileID: 0}
  serializedVersion: 6
  m_Component:
  - component: {fileID: 1479594848412636679}
  m_Layer: 0
  m_Name: LaserSpawn
  m_TagString: Untagged
  m_Icon: {fileID: 0}
  m_NavMeshLayer: 0
  m_StaticEditorFlags: 0
  m_IsActive: 1
--- !u!4 &1479594848412636679
Transform:
  m_ObjectHideFlags: 0
  m_CorrespondingSourceObject: {fileID: 0}
  m_PrefabInstance: {fileID: 0}
  m_PrefabAsset: {fileID: 0}
  m_GameObject: {fileID: 1157707254409986709}
  m_LocalRotation: {x: 0, y: 0, z: 0, w: 1}
  m_LocalPosition: {x: 0, y: -0.744, z: 0}
  m_LocalScale: {x: 1, y: 1, z: 1}
  m_Children: []
  m_Father: {fileID: 1557357594209624040}
  m_RootOrder: 0
  m_LocalEulerAnglesHint: {x: 0, y: 0, z: 0}
